%YAML 1.1
%TAG !u! tag:unity3d.com,2011:
--- !u!1 &1591005609270899516
GameObject:
  m_ObjectHideFlags: 0
  m_CorrespondingSourceObject: {fileID: 0}
  m_PrefabInstance: {fileID: 0}
  m_PrefabAsset: {fileID: 0}
  serializedVersion: 6
  m_Component:
  - component: {fileID: 1591005609270899517}
  m_Layer: 0
  m_Name: OptionalPlatforms
  m_TagString: Untagged
  m_Icon: {fileID: 0}
  m_NavMeshLayer: 0
  m_StaticEditorFlags: 0
  m_IsActive: 1
--- !u!4 &1591005609270899517
Transform:
  m_ObjectHideFlags: 0
  m_CorrespondingSourceObject: {fileID: 0}
  m_PrefabInstance: {fileID: 0}
  m_PrefabAsset: {fileID: 0}
  m_GameObject: {fileID: 1591005609270899516}
  m_LocalRotation: {x: 0, y: 0, z: 0, w: 1}
  m_LocalPosition: {x: 0.46084976, y: -1.1358471, z: 17.551758}
  m_LocalScale: {x: 1, y: 1, z: 1}
  m_Children:
  - {fileID: 1591005610991324767}
  m_Father: {fileID: 1591005609667470952}
  m_RootOrder: 5
  m_LocalEulerAnglesHint: {x: 0, y: 0, z: 0}
--- !u!1 &1591005609667470955
GameObject:
  m_ObjectHideFlags: 0
  m_CorrespondingSourceObject: {fileID: 0}
  m_PrefabInstance: {fileID: 0}
  m_PrefabAsset: {fileID: 0}
  serializedVersion: 6
  m_Component:
  - component: {fileID: 1591005609667470952}
  m_Layer: 0
  m_Name: Level1
  m_TagString: Untagged
  m_Icon: {fileID: 0}
  m_NavMeshLayer: 0
  m_StaticEditorFlags: 0
  m_IsActive: 1
--- !u!4 &1591005609667470952
Transform:
  m_ObjectHideFlags: 0
  m_CorrespondingSourceObject: {fileID: 0}
  m_PrefabInstance: {fileID: 0}
  m_PrefabAsset: {fileID: 0}
  m_GameObject: {fileID: 1591005609667470955}
  m_LocalRotation: {x: 0, y: 0, z: 0, w: 1}
  m_LocalPosition: {x: 13.3, y: 7, z: 0}
  m_LocalScale: {x: 1, y: 1, z: 1}
  m_Children:
  - {fileID: 1591005610750192603}
  - {fileID: 1591005609054581372}
  - {fileID: 1591005610733227660}
  - {fileID: 1591005609214972961}
  - {fileID: 1591005611145152293}
  - {fileID: 1591005609270899517}
  m_Father: {fileID: 0}
  m_RootOrder: 0
  m_LocalEulerAnglesHint: {x: 0, y: 0, z: 0}
--- !u!1 &1591005610991324755
GameObject:
  m_ObjectHideFlags: 0
  m_CorrespondingSourceObject: {fileID: 0}
  m_PrefabInstance: {fileID: 0}
  m_PrefabAsset: {fileID: 0}
  serializedVersion: 6
  m_Component:
  - component: {fileID: 1591005610991324767}
  - component: {fileID: 1591005610991324766}
  - component: {fileID: 1591005610991324753}
  - component: {fileID: 1591005610991324752}
  m_Layer: 22
  m_Name: Background
  m_TagString: Untagged
  m_Icon: {fileID: 0}
  m_NavMeshLayer: 0
  m_StaticEditorFlags: 0
  m_IsActive: 1
--- !u!4 &1591005610991324767
Transform:
  m_ObjectHideFlags: 0
  m_CorrespondingSourceObject: {fileID: 0}
  m_PrefabInstance: {fileID: 0}
  m_PrefabAsset: {fileID: 0}
  m_GameObject: {fileID: 1591005610991324755}
  m_LocalRotation: {x: 0, y: 0, z: 0, w: 1}
  m_LocalPosition: {x: 36.43915, y: -7.664153, z: -14.001758}
  m_LocalScale: {x: 512, y: 512, z: 1}
  m_Children: []
  m_Father: {fileID: 1591005609270899517}
  m_RootOrder: 0
  m_LocalEulerAnglesHint: {x: 0, y: 0, z: 0}
--- !u!33 &1591005610991324766
MeshFilter:
  m_ObjectHideFlags: 0
  m_CorrespondingSourceObject: {fileID: 0}
  m_PrefabInstance: {fileID: 0}
  m_PrefabAsset: {fileID: 0}
  m_GameObject: {fileID: 1591005610991324755}
  m_Mesh: {fileID: 10210, guid: 0000000000000000e000000000000000, type: 0}
--- !u!64 &1591005610991324753
MeshCollider:
  m_ObjectHideFlags: 0
  m_CorrespondingSourceObject: {fileID: 0}
  m_PrefabInstance: {fileID: 0}
  m_PrefabAsset: {fileID: 0}
  m_GameObject: {fileID: 1591005610991324755}
  m_Material: {fileID: 0}
  m_IsTrigger: 0
  m_Enabled: 1
  serializedVersion: 3
  m_Convex: 0
  m_CookingOptions: 14
  m_Mesh: {fileID: 10210, guid: 0000000000000000e000000000000000, type: 0}
--- !u!23 &1591005610991324752
MeshRenderer:
  m_ObjectHideFlags: 0
  m_CorrespondingSourceObject: {fileID: 0}
  m_PrefabInstance: {fileID: 0}
  m_PrefabAsset: {fileID: 0}
  m_GameObject: {fileID: 1591005610991324755}
  m_Enabled: 1
  m_CastShadows: 1
  m_ReceiveShadows: 1
  m_DynamicOccludee: 1
  m_MotionVectors: 1
  m_LightProbeUsage: 1
  m_ReflectionProbeUsage: 1
  m_RayTracingMode: 2
  m_RenderingLayerMask: 4294967295
  m_RendererPriority: 0
  m_Materials:
  - {fileID: 2100000, guid: 133b0ff1159ab7b4298b20c9f9fb75fa, type: 2}
  m_StaticBatchInfo:
    firstSubMesh: 0
    subMeshCount: 0
  m_StaticBatchRoot: {fileID: 0}
  m_ProbeAnchor: {fileID: 0}
  m_LightProbeVolumeOverride: {fileID: 0}
  m_ScaleInLightmap: 1
  m_ReceiveGI: 1
  m_PreserveUVs: 1
  m_IgnoreNormalsForChartDetection: 0
  m_ImportantGI: 0
  m_StitchLightmapSeams: 0
  m_SelectedEditorRenderState: 3
  m_MinimumChartSize: 4
  m_AutoUVMaxDistance: 0.5
  m_AutoUVMaxAngle: 89
  m_LightmapParameters: {fileID: 0}
  m_SortingLayerID: -1620175883
  m_SortingLayer: -1
  m_SortingOrder: 0
--- !u!61 &1591005611130362644
BoxCollider2D:
  m_ObjectHideFlags: 0
  m_CorrespondingSourceObject: {fileID: 0}
  m_PrefabInstance: {fileID: 0}
  m_PrefabAsset: {fileID: 0}
  m_GameObject: {fileID: 1591005611144928005}
  m_Enabled: 1
  m_Density: 1
  m_Material: {fileID: 0}
  m_IsTrigger: 0
  m_UsedByEffector: 0
  m_UsedByComposite: 0
  m_Offset: {x: 0, y: 0}
  m_SpriteTilingProperty:
    border: {x: 0, y: 0, z: 0, w: 0}
    pivot: {x: 0, y: 0}
    oldSize: {x: 0, y: 0}
    newSize: {x: 0, y: 0}
    adaptiveTilingThreshold: 0
    drawMode: 0
    adaptiveTiling: 0
  m_AutoTiling: 0
  serializedVersion: 2
  m_Size: {x: 1, y: 1}
  m_EdgeRadius: 0
--- !u!1001 &1591005609054765880
PrefabInstance:
  m_ObjectHideFlags: 0
  serializedVersion: 2
  m_Modification:
    m_TransformParent: {fileID: 1591005609667470952}
    m_Modifications:
    - target: {fileID: 145898, guid: f58a667c8217aaf42b28e20ef609767b, type: 3}
      propertyPath: m_Name
      value: Platform1000x100 (5)
      objectReference: {fileID: 0}
    - target: {fileID: 471364, guid: f58a667c8217aaf42b28e20ef609767b, type: 3}
      propertyPath: m_LocalPosition.x
      value: -94.119995
      objectReference: {fileID: 0}
    - target: {fileID: 471364, guid: f58a667c8217aaf42b28e20ef609767b, type: 3}
      propertyPath: m_LocalPosition.y
      value: -15.135847
      objectReference: {fileID: 0}
    - target: {fileID: 471364, guid: f58a667c8217aaf42b28e20ef609767b, type: 3}
      propertyPath: m_LocalPosition.z
      value: 0
      objectReference: {fileID: 0}
    - target: {fileID: 471364, guid: f58a667c8217aaf42b28e20ef609767b, type: 3}
      propertyPath: m_LocalRotation.x
      value: -0
      objectReference: {fileID: 0}
    - target: {fileID: 471364, guid: f58a667c8217aaf42b28e20ef609767b, type: 3}
      propertyPath: m_LocalRotation.y
      value: -0
      objectReference: {fileID: 0}
    - target: {fileID: 471364, guid: f58a667c8217aaf42b28e20ef609767b, type: 3}
      propertyPath: m_LocalRotation.z
      value: -0
      objectReference: {fileID: 0}
    - target: {fileID: 471364, guid: f58a667c8217aaf42b28e20ef609767b, type: 3}
      propertyPath: m_LocalRotation.w
      value: 1
      objectReference: {fileID: 0}
    - target: {fileID: 471364, guid: f58a667c8217aaf42b28e20ef609767b, type: 3}
      propertyPath: m_RootOrder
      value: 1
      objectReference: {fileID: 0}
    m_RemovedComponents: []
  m_SourcePrefab: {fileID: 100100000, guid: f58a667c8217aaf42b28e20ef609767b, type: 3}
--- !u!4 &1591005609054581372 stripped
Transform:
  m_CorrespondingSourceObject: {fileID: 471364, guid: f58a667c8217aaf42b28e20ef609767b,
    type: 3}
  m_PrefabInstance: {fileID: 1591005609054765880}
  m_PrefabAsset: {fileID: 0}
--- !u!1001 &1591005609215305061
PrefabInstance:
  m_ObjectHideFlags: 0
  serializedVersion: 2
  m_Modification:
    m_TransformParent: {fileID: 1591005609667470952}
    m_Modifications:
    - target: {fileID: 145898, guid: f58a667c8217aaf42b28e20ef609767b, type: 3}
      propertyPath: m_Name
      value: Platform1000x100 (7)
      objectReference: {fileID: 0}
    - target: {fileID: 471364, guid: f58a667c8217aaf42b28e20ef609767b, type: 3}
      propertyPath: m_LocalPosition.x
      value: -74.14
      objectReference: {fileID: 0}
    - target: {fileID: 471364, guid: f58a667c8217aaf42b28e20ef609767b, type: 3}
      propertyPath: m_LocalPosition.y
      value: -15.135847
      objectReference: {fileID: 0}
    - target: {fileID: 471364, guid: f58a667c8217aaf42b28e20ef609767b, type: 3}
      propertyPath: m_LocalPosition.z
      value: 0
      objectReference: {fileID: 0}
    - target: {fileID: 471364, guid: f58a667c8217aaf42b28e20ef609767b, type: 3}
      propertyPath: m_LocalRotation.x
      value: -0
      objectReference: {fileID: 0}
    - target: {fileID: 471364, guid: f58a667c8217aaf42b28e20ef609767b, type: 3}
      propertyPath: m_LocalRotation.y
      value: -0
      objectReference: {fileID: 0}
    - target: {fileID: 471364, guid: f58a667c8217aaf42b28e20ef609767b, type: 3}
      propertyPath: m_LocalRotation.z
      value: -0
      objectReference: {fileID: 0}
    - target: {fileID: 471364, guid: f58a667c8217aaf42b28e20ef609767b, type: 3}
      propertyPath: m_LocalRotation.w
      value: 1
      objectReference: {fileID: 0}
    - target: {fileID: 471364, guid: f58a667c8217aaf42b28e20ef609767b, type: 3}
      propertyPath: m_RootOrder
      value: 3
      objectReference: {fileID: 0}
    m_RemovedComponents: []
  m_SourcePrefab: {fileID: 100100000, guid: f58a667c8217aaf42b28e20ef609767b, type: 3}
--- !u!4 &1591005609214972961 stripped
Transform:
  m_CorrespondingSourceObject: {fileID: 471364, guid: f58a667c8217aaf42b28e20ef609767b,
    type: 3}
  m_PrefabInstance: {fileID: 1591005609215305061}
  m_PrefabAsset: {fileID: 0}
--- !u!1001 &1591005610733699016
PrefabInstance:
  m_ObjectHideFlags: 0
  serializedVersion: 2
  m_Modification:
    m_TransformParent: {fileID: 1591005609667470952}
    m_Modifications:
    - target: {fileID: 145898, guid: f58a667c8217aaf42b28e20ef609767b, type: 3}
      propertyPath: m_Name
      value: Platform1000x100 (6)
      objectReference: {fileID: 0}
    - target: {fileID: 471364, guid: f58a667c8217aaf42b28e20ef609767b, type: 3}
      propertyPath: m_LocalPosition.x
      value: -84.13
      objectReference: {fileID: 0}
    - target: {fileID: 471364, guid: f58a667c8217aaf42b28e20ef609767b, type: 3}
      propertyPath: m_LocalPosition.y
      value: -15.135847
      objectReference: {fileID: 0}
    - target: {fileID: 471364, guid: f58a667c8217aaf42b28e20ef609767b, type: 3}
      propertyPath: m_LocalPosition.z
      value: 0
      objectReference: {fileID: 0}
    - target: {fileID: 471364, guid: f58a667c8217aaf42b28e20ef609767b, type: 3}
      propertyPath: m_LocalRotation.x
      value: -0
      objectReference: {fileID: 0}
    - target: {fileID: 471364, guid: f58a667c8217aaf42b28e20ef609767b, type: 3}
      propertyPath: m_LocalRotation.y
      value: -0
      objectReference: {fileID: 0}
    - target: {fileID: 471364, guid: f58a667c8217aaf42b28e20ef609767b, type: 3}
      propertyPath: m_LocalRotation.z
      value: -0
      objectReference: {fileID: 0}
    - target: {fileID: 471364, guid: f58a667c8217aaf42b28e20ef609767b, type: 3}
      propertyPath: m_LocalRotation.w
      value: 1
      objectReference: {fileID: 0}
    - target: {fileID: 471364, guid: f58a667c8217aaf42b28e20ef609767b, type: 3}
      propertyPath: m_RootOrder
      value: 2
      objectReference: {fileID: 0}
    m_RemovedComponents: []
  m_SourcePrefab: {fileID: 100100000, guid: f58a667c8217aaf42b28e20ef609767b, type: 3}
--- !u!4 &1591005610733227660 stripped
Transform:
  m_CorrespondingSourceObject: {fileID: 471364, guid: f58a667c8217aaf42b28e20ef609767b,
    type: 3}
  m_PrefabInstance: {fileID: 1591005610733699016}
  m_PrefabAsset: {fileID: 0}
--- !u!1001 &1591005610750376647
PrefabInstance:
  m_ObjectHideFlags: 0
  serializedVersion: 2
  m_Modification:
    m_TransformParent: {fileID: 1591005609667470952}
    m_Modifications:
    - target: {fileID: 113442, guid: fdf12166dff9f4240a780cfb02080351, type: 3}
      propertyPath: m_Name
      value: GreenGate (1)
      objectReference: {fileID: 0}
    - target: {fileID: 446748, guid: fdf12166dff9f4240a780cfb02080351, type: 3}
      propertyPath: m_LocalPosition.x
      value: -87.439995
      objectReference: {fileID: 0}
    - target: {fileID: 446748, guid: fdf12166dff9f4240a780cfb02080351, type: 3}
      propertyPath: m_LocalPosition.y
      value: -13.59
      objectReference: {fileID: 0}
    - target: {fileID: 446748, guid: fdf12166dff9f4240a780cfb02080351, type: 3}
      propertyPath: m_LocalPosition.z
      value: 0
      objectReference: {fileID: 0}
    - target: {fileID: 446748, guid: fdf12166dff9f4240a780cfb02080351, type: 3}
      propertyPath: m_LocalRotation.x
      value: -0
      objectReference: {fileID: 0}
    - target: {fileID: 446748, guid: fdf12166dff9f4240a780cfb02080351, type: 3}
      propertyPath: m_LocalRotation.y
      value: -0
      objectReference: {fileID: 0}
    - target: {fileID: 446748, guid: fdf12166dff9f4240a780cfb02080351, type: 3}
      propertyPath: m_LocalRotation.z
      value: -0
      objectReference: {fileID: 0}
    - target: {fileID: 446748, guid: fdf12166dff9f4240a780cfb02080351, type: 3}
      propertyPath: m_LocalRotation.w
      value: 1
      objectReference: {fileID: 0}
    - target: {fileID: 446748, guid: fdf12166dff9f4240a780cfb02080351, type: 3}
      propertyPath: m_RootOrder
      value: 0
      objectReference: {fileID: 0}
    - target: {fileID: 446748, guid: fdf12166dff9f4240a780cfb02080351, type: 3}
      propertyPath: m_LocalEulerAnglesHint.x
      value: 0
      objectReference: {fileID: 0}
    - target: {fileID: 446748, guid: fdf12166dff9f4240a780cfb02080351, type: 3}
      propertyPath: m_LocalEulerAnglesHint.y
      value: 0
      objectReference: {fileID: 0}
    - target: {fileID: 446748, guid: fdf12166dff9f4240a780cfb02080351, type: 3}
      propertyPath: m_LocalEulerAnglesHint.z
      value: 0
      objectReference: {fileID: 0}
    m_RemovedComponents: []
  m_SourcePrefab: {fileID: 100100000, guid: fdf12166dff9f4240a780cfb02080351, type: 3}
--- !u!4 &1591005610750192603 stripped
Transform:
  m_CorrespondingSourceObject: {fileID: 446748, guid: fdf12166dff9f4240a780cfb02080351,
    type: 3}
  m_PrefabInstance: {fileID: 1591005610750376647}
  m_PrefabAsset: {fileID: 0}
--- !u!1001 &1591005611145026981
PrefabInstance:
  m_ObjectHideFlags: 0
  serializedVersion: 2
  m_Modification:
    m_TransformParent: {fileID: 1591005609667470952}
    m_Modifications:
    - target: {fileID: 400000, guid: 7a343ffc127af4b41b1e509d55d21956, type: 3}
      propertyPath: m_LocalPosition.x
      value: -95.06
      objectReference: {fileID: 0}
    - target: {fileID: 400000, guid: 7a343ffc127af4b41b1e509d55d21956, type: 3}
      propertyPath: m_LocalPosition.y
      value: -11.4
      objectReference: {fileID: 0}
    - target: {fileID: 400000, guid: 7a343ffc127af4b41b1e509d55d21956, type: 3}
      propertyPath: m_LocalPosition.z
      value: 0
      objectReference: {fileID: 0}
    - target: {fileID: 400000, guid: 7a343ffc127af4b41b1e509d55d21956, type: 3}
      propertyPath: m_LocalRotation.x
      value: 0
      objectReference: {fileID: 0}
    - target: {fileID: 400000, guid: 7a343ffc127af4b41b1e509d55d21956, type: 3}
      propertyPath: m_LocalRotation.y
      value: 0
      objectReference: {fileID: 0}
    - target: {fileID: 400000, guid: 7a343ffc127af4b41b1e509d55d21956, type: 3}
      propertyPath: m_LocalRotation.z
      value: 0
      objectReference: {fileID: 0}
    - target: {fileID: 400000, guid: 7a343ffc127af4b41b1e509d55d21956, type: 3}
      propertyPath: m_LocalRotation.w
      value: 1
      objectReference: {fileID: 0}
    - target: {fileID: 400000, guid: 7a343ffc127af4b41b1e509d55d21956, type: 3}
      propertyPath: m_RootOrder
      value: 4
      objectReference: {fileID: 0}
    m_RemovedComponents: []
  m_SourcePrefab: {fileID: 100100000, guid: 7a343ffc127af4b41b1e509d55d21956, type: 3}
--- !u!1 &1591005611144928005 stripped
GameObject:
  m_CorrespondingSourceObject: {fileID: 100000, guid: 7a343ffc127af4b41b1e509d55d21956,
    type: 3}
  m_PrefabInstance: {fileID: 1591005611145026981}
  m_PrefabAsset: {fileID: 0}
--- !u!4 &1591005611145152293 stripped
Transform:
  m_CorrespondingSourceObject: {fileID: 400000, guid: 7a343ffc127af4b41b1e509d55d21956,
    type: 3}
  m_PrefabInstance: {fileID: 1591005611145026981}
  m_PrefabAsset: {fileID: 0}
